@book{van2000introduction,
	title={An introduction to hybrid dynamical systems},
	author={Van Der Schaft, Arjan and Schumacher, Johannes Maria},
	volume={251},
	year={2000},
	publisher={Springer London}
}
@book{van2000l2,
	title={L2-gain and passivity techniques in nonlinear control},
	author={Van der Schaft, Arjan},
	volume={2},
	year={2000},
	publisher={Springer}
}
@article{MASCHKE200027,
	title = "Port Controlled Hamiltonian Representation of Distributed Parameter Systems",
	journal = "Proceedings of the IFAC Workshop on Lagrangian and Hamiltonian Methods for Nonlinear Control",
	volume = "33",
	number = "2",
	pages = "27 - 37",
	year = "2000",
	author = "Bernhard M. Maschke and Arjan J. Van der Schaft",
	keywords = "distributed parameter systems, Hamiltonian systems, Dirac structures, boundary control"
}

@article{ortega2001putting,
	title={Putting energy back in control},
	author={Ortega, Romeo and Van Der Schaft, Arjan J and Mareels, Iven and Maschke, Bernhard},
	journal={IEEE Control Systems},
	volume={21},
	number={2},
	pages={18--33},
	year={2001},
	publisher={IEEE}
}
@book{secchi2007control,
	title={Control of interactive robotic interfaces: A port-Hamiltonian approach},
	author={Secchi, Cristian and Stramigioli, Stefano and Fantuzzi, Cesare},
	year={2007},
	publisher={Springer Science \& Business Media}
}
@article{ortega2008control,
	title={Control by interconnection and standard passivity-based control of port-Hamiltonian systems},
	author={Ortega, Romeo and Van Der Schaft, Arjan and Castanos, Fernando and Astolfi, Alessandro},
	journal={IEEE Transactions on Automatic Control},
	volume={53},
	number={11},
	pages={2527--2542},
	year={2008},
	publisher={IEEE}
}
@incollection{maschke2001hamiltonian,
	title={Hamiltonian representation of distributed parameter systems with boundary energy flow},
	author={Maschke, Bernhard and van der Schaft, Arjan},
	booktitle={Nonlinear control in the year 2000 volume 2},
	pages={137--142},
	year={2001},
	publisher={Springer}
}
@inproceedings{rodriguez2001stabilization,
	title={On stabilization of nonlinear distributed parameter port-controlled Hamiltonian systems via energy shaping},
	author={Rodr{\'\i}guez, Hugo and Van Der Schaft, Arjan and Ortega, Romeo},
	booktitle={Proceedings of the 40th IEEE Conference on Decision and Control},
	volume={1},
	pages={131--136},
	year={2001},
}
@article{macchelli2003port,
	title={Port Hamiltonian systems. A unified approach for modeling and control finite and infinite dimensional physical systems},
	author={Macchelli, Alessandro},
	journal={PhD thesis. University of Bologna},
	year={2003}
}
@article{macchelli2004modeling,
	title={Modeling and control of the Timoshenko beam. The distributed port Hamiltonian approach},
	author={Macchelli, Alessandro and Melchiorri, Claudio},
	journal={SIAM Journal on Control and Optimization},
	volume={43},
	number={2},
	pages={743--767},
	year={2004},
	publisher={SIAM}
}
@inproceedings{macchelli2004port,
	title={Port Hamiltonian formulation of infinite dimensional systems I. Modeling},
	author={Macchelli, Alessandro and Van Der Schaft, Arjan and Melchiorri, Claudio},
	booktitle={Proceedings of the 43rd IEEE Conference on Decision and Control},
	volume={4},
	pages={3762--3767},
	year={2004},
	organization={IEEE}
}
@article{macchelli2004port2,
	title={Port Hamiltonian Formulation of Infinite Dimensional Systems II. Boundary Control by Interconnection},
	author={Macchelli, Alessandro and van der Schaft, Arjan J and Melchiorri, Claudio},
	journal={Atlantis},
	year={2004}
}
@article{byrnes1991passivity,
	title={Passivity, feedback equivalence, and the global stabilization of minimum phase nonlinear systems},
	author={Byrnes, Christopher I and Isidori, Alberto and Willems, Jan C},
	journal={IEEE Transactions on automatic control},
	volume={36},
	number={11},
	pages={1228--1240},
	year={1991},
	publisher={IEEE}
}
@article{lasalle1960some,
	title={Some extensions of Liapunov's second method},
	author={LaSalle, Joseph},
	journal={IRE Transactions on circuit theory},
	volume={7},
	number={4},
	pages={520--527},
	year={1960},
	publisher={IEEE}
}
@inproceedings{ortega1997passivity,
	title={Passivity-based control of nonlinear systems: A tutorial},
	author={Ortega, Romeo and Jiang, Zhong P and Hill, David J},
	booktitle={American Control Conference, 1997. Proceedings of the 1997},
	volume={5},
	pages={2633--2637},
	year={1997},
	organization={IEEE}
}@ARTICLE{8320376, 
author={F. {Ruggiero} and A. {Petit} and D. {Serra} and A. C. {Satici} and J. {Cacace} and A. {Donaire} and F. {Ficuciello} and L. R. {Buonocore} and G. A. {Fontanelli} and V. {Lippiello} and L. {Villani} and B. {Siciliano}}, 
journal={IEEE Robotics Automation Magazine}, 
title={Nonprehensile Manipulation of Deformable Objects: Achievements and Perspectives from the Robotic Dynamic Manipulation Project}, 
year={2018}, 
volume={25}, 
number={3}, 
pages={83-92}, 
keywords={acceleration control;angular velocity control;manipulator dynamics;manipulators;motion control;position control;control strategies;robotic dynamic manipulation project;nonprehensile dynamic manipulation;deformable objects;RoDyMan project;robotic nonprehensile manipulation;Task analysis;Manipulator dynamics;Robot kinematics;Humanoid robots;Anthropomorphism;Finite element analysis},
month={Sep.},}
@article{meza2005controller,
	title={Controller design techniques for the Lotka-Volterra nonlinear system},
	author={Meza, Magno Enrique Mendoza and Bhaya, Amit and Kaszkurewicz, Eugenius},
	journal={Sba: Controle \& Automa{\c{c}}{\~a}o Sociedade Brasileira de Automatica},
	volume={16},
	number={2},
	pages={124--135},
	year={2005},
	publisher={SciELO Brasil}
}
@book{secchi2007control,
	title={Control of interactive robotic interfaces: A port-Hamiltonian approach},
	author={Secchi, Cristian and Stramigioli, Stefano and Fantuzzi, Cesare},
	volume={29},
	year={2007},
	publisher={Springer Science \& Business Media}
}
@book{vulpiani2010chaos,
	title={Chaos: from simple models to complex systems},
	author={Vulpiani, Angelo},
	volume={17},
	year={2010},
	publisher={World Scientific}
}
@article{massaroli2018prf,
	title={Recursive algebraic {F}risch scheme: A particle based approach},
	author = {Massaroli, Stefano and Miyagusuku, Renato and Califano, Federico and Melchiorri, Claudio and Yamashita, Atsushi and Asama, Hajime},
	year = {2018},
	journal = {Under review}
}
@article{Califano2017robot,
	title={A Novel Identification Procedure for Dynamic Parameters of Robot
	Manipulators: the {F}risch Scheme Approach},
	author = {Califano, Federico and Massaroli, Stefano and Melchiorri, Claudio},
	year = {2018},
	journal = {Under review}
}
@article{JURDJEVIC1978381,
	title = "Controllability and stability",
	journal = "Journal of Differential Equations",
	volume = "28",
	number = "3",
	pages = "381 - 389",
	year = "1978",
	author = "V Jurdjevic and J.P Quinn"
}
@article{van2014port,
	title={Port-Hamiltonian systems theory: An introductory overview},
	author={Van Der Schaft, Arjan and Jeltsema, Dimitri and others},
	journal={Foundations and Trends in Systems and Control},
	volume={1},
	number={2-3},
	pages={173--378},
	year={2014},
	publisher={Now Publishers, Inc.}
}
@article{volterra1928variations,
	title={Variations and fluctuations of the number of individuals in animal species living together},
	author={Volterra, Vito},
	journal={ICES Journal of Marine Science},
	volume={3},
	number={1},
	pages={3--51},
	year={1928},
	publisher={Oxford University Press}
}
@book{paynter1961analysis,
	title={Analysis and Design of Engineering Systems},
	author={Paynter, Henry},
	year={1961}
}
@inproceedings{arimoto1984stability,
	title={Stability and robustness of PID feedback control for robot manipulators of sensory capability},
	author={Arimoto, Suguru},
	booktitle={Robotics Research: First International Symposium},
	pages={783--799},
	year={1984},
	organization={MIT Press, Cambridge, Massachusetts}
}
@article{goebel2009hybrid,
	title={Hybrid dynamical systems},
	author={Goebel, Rafal and Sanfelice, Ricardo G and Teel, Andrew R},
	journal={IEEE Control Systems},
	volume={29},
	number={2},
	pages={28--93},
	year={2009},
	publisher={IEEE}
}
@article{haddad2006impulsive,
	title={Impulsive and hybrid dynamical systems},
	author={Haddad, Wassim M and Chellaboina, VijaySekhar and Nersesov, Sergey G},
	journal={Princeton Series in Applied Mathematics},
	year={2006}
}
@article{takegaki1981new,
	title={A new feedback method for dynamic control of manipulators},
	author={Takegaki, Morikazu and Arimoto, Suguru},
	journal={Journal of Dynamic Systems, Measurement, and Control},
	volume={103},
	number={2},
	pages={119--125},
	year={1981},
	publisher={American Society of Mechanical Engineers}
}
@inproceedings{sanfelice2013toolbox,
	title={A toolbox for simulation of hybrid systems in Matlab/Simulink: Hybrid Equations (HyEQ) Toolbox},
	author={Sanfelice, Ricardo and Copp, David and Nanez, Pablo},
	booktitle={Proceedings of the 16th ACM international conference on Hybrid systems: computation and control},
	pages={101--106},
	year={2013},
}
@article{naldi2013passivity,
	title={Passivity-based control for hybrid systems with applications to mechanical systems exhibiting impacts},
	author={Naldi, Roberto and Sanfelice, Ricardo G},
	journal={Automatica},
	volume={49},
	number={5},
	pages={1104--1116},
	year={2013},
	publisher={Elsevier}
}
@book{ModellingControlHDS,
	author = {Olejnik, Paweł and Awrejcewicz, Jan and Fečkan, Michal},
	title = {Modeling, Analysis and Control of Dynamical Systems},
	publisher = {WORLD SCIENTIFIC},
	year = {2017},
}
@article{CLINE1979185,
title = "The rank of a difference of matrices and associated generalized inverses",
journal = "Linear Algebra and its Applications",
volume = "24",
pages = "185 - 215",
year = "1979",
author = "R.E. Cline and R.E. Funderlic"
}
@INPROCEEDINGS{876703, 
author={R. Ortega and I. Mareels}, 
booktitle={Proceedings of the 2000 American Control Conference. ACC (}, 
title={Energy-balancing passivity-based control},
year={2000}, 
volume={2}, 
number={}, 
pages={1265-1270 vol.2}, 
keywords={closed loop systems;nonlinear control systems;dynamics;position control;asymptotic stability;partial differential equations;energy-balancing passivity-based control;Hamiltonian system;closed-loop energy;supplied energy;stored energy;general nonlinear passive systems;mechanical systems;unbounded energy dissipation;Control systems;Mechanical systems;Integrated circuit interconnections;Mechanical factors;Energy capture;Energy dissipation;Manipulators;Robot control;Design methodology;Energy storage}, 
month={June},}
@article{efimov2012global,
	title={Global lyapunov analysis of multistable nonlinear systems},
	author={Efimov, Denis},
	journal={SIAM Journal on Control and Optimization},
	volume={50},
	number={5},
	pages={3132--3154},
	year={2012},
	publisher={SIA}
}
@book{khalil2002nonlinear,
title={Nonlinear systems},
author={Khalil, Hassan K and Grizzle, JW},
volume={3},
year={2002},
publisher={Prentice hall Upper Saddle River, NJ}
}
@article{mladineo1986algorithm,
  title={An algorithm for finding the global maximum of a multimodal, multivariate function},
  author={Mladineo, Regina Hunter},
  journal={Mathematical Programming},
  volume={34},
  number={2},
  pages={188--200},
  year={1986},
  publisher={Springer}
}
@INPROCEEDINGS{Bemporad, 
author={A. {Bemporad} and J. {Roll} and L. {Ljung}}, 
booktitle={Proceedings of the 40th IEEE Conference on Decision and Control}, 
title={Identification of hybrid systems via mixed-integer programming}, 
year={2001}, 
volume={1}, 
number={}, 
pages={786-792 vol.1}, 
keywords={identification;autoregressive processes;integer programming;quadratic programming;continuous time systems;discrete systems;mixed-integer programming;identification;hybrid dynamical systems;hinging hyperplanes autoregressive exogenous models;Wiener piecewise affine autoregressive exogenous models;quadratic programming;global optimum;Dynamic programming;Quadratic programming;Jacobian matrices;Logic devices;Stability analysis;Fault detection;Nonlinear dynamical systems;Algorithm design and analysis;White noise},
month={Dec}
}

@article{MESSAI2006217,
title = "Using neural networks for the identification of a class of hybrid dynamical systems",
journal = "Proceedings of the 2nd IFAC Conference on Analysis and Design of Hybrid Systems",
volume = "39",
number = "5",
pages = "217 - 222",
year = "2006",
author = "N. Messai and J. Zaytoon and B. Riera",
keywords = "Neural Network, Hybrid Systems, Identification",
abstract = "This paper addresses the problem of the identification of Hybrid Dynamic System (HDS) by focusing the attention on the identification of a global model that predicts the continuous outputs of the HDS. The proposed approach considers the identification of HDS in terms of the architectures and the learning algorithms developed for Feed-Forward neural networks."
}

@inproceedings{sepasi2008line,
  title={On-line identification of an electronic component placement process using a potential fuzzy clustering scheme},
  author={Sepasi, S and Sadrnia, MA},
  booktitle={Proceedings of the 2008 2nd International Conference on Electrical Engineering},
  pages={1--6},
  year={2008},
  organization={IEEE}
}
@INPROCEEDINGS{Ferrari, 
author={G. {Ferrari-Trecate} and M. {Muselli} and D. {Liberati} and M. {Morari}}, 
booktitle={Proceedings of the 2001 American Control Conference.}, 
title={Identification of piecewise affine and hybrid systems}, 
year={2001}, 
volume={5}, 
number={}, 
pages={3521-3526 vol.5}, 
keywords={discrete time systems;identification;pattern clustering;autoregressive processes;identification;discrete time systems;mixed logic dynamical form;multidimensional domain;piecewise affine form;hybrid systems;piecewise ARX models;linear regression;clustering;Clustering algorithms;Neural networks;Logic;State estimation;Multi-layer neural network;Marine technology;Circuits;Genomics;Bioinformatics;Partitioning algorithms},
month={June}
}

@article{Messai,
title = "Identification of a class of hybrid dynamic systems with feed-forward neural networks: About the validity of the global model",
journal = "Nonlinear Analysis: Hybrid Systems",
volume = "2",
number = "3",
pages = "773 - 785",
year = "2008",
note = "Special Issue Section: Analysis and Design of Hybrid Systems",
author = "Nadhir Messai and Bernard Riera and Janan Zaytoon",
keywords = "Neural network, Hybrid systems, Identification",
abstract = "This paper addresses the problem of the identification of a class of Hybrid Dynamic System (HDS). The class herein considered is characterised by continuous inputs, continuous outputs and binary discrete inputs. The proposed approach focuses the attention on the identification of a global model that predicts the continuous outputs of the HDS. The accuracy of this global model is discussed and several simulation examples are investigated in order to study the validity of the obtained neural network global model. The originality of this approach consists in the identification of a HDS without needing to cluster the data or to know the current mode because it considers the identification of HDS in terms of the architectures and the learning algorithms developed for Feed-Forward neural networks."
}

@article{SIS,
title = "System identification—A survey",
journal = "Automatica",
volume = "7",
number = "2",
pages = "123 - 162",
year = "1971",
author = "K.J. Åström and P. Eykhoff"
}

@article{Paoletti,
title = "Identification of Hybrid Systems A Tutorial",
journal = "European Journal of Control",
volume = "13",
number = "2",
pages = "242 - 260",
year = "2007",
author = "Simone Paoletti and Aleksandar Lj. Juloski and Giancarlo Ferrari-Trecate and Ren\'e Vidal"
}

@INPROCEEDINGS{Palm, 
author={R. {Palm} and D. {Driankov}}, 
booktitle={Proceedings of the 1998 IEEE International Symposium on Intelligent Control (ISIC) held jointly with IEEE International Symposium on Computational Intelligence in Robotics and Automation (CIRA) Intell}, 
title={Fuzzy switched hybrid systems-modeling and identification}, 
year={1998}, 
volume={}, 
number={}, 
pages={130-135}, 
keywords={parameter estimation;fuzzy systems;pattern clustering;fuzzy control;intelligent control;fuzzy switched hybrid systems;fuzzy multiple model systems;hierarchical identification;black box fuzzy clustering;parameter identification;discrete states;local linear fuzzy models;Fuzzy systems;Fuzzy control;Communication switching;Nonlinear systems;Communications technology;Parameter estimation;Control system synthesis;Nonlinear dynamical systems;Radial basis function networks;Computer science}, 
month={Sep.}
}

@book{Schaftbook,
 author = {der, Schaft A. J. van and Schumacher, J. M.},
 title = {Introduction to Hybrid Dynamical Systems},
 year = {1999},
 isbn = {1852332336},
 publisher = {Springer-Verlag}
}

@INPROCEEDINGS{Soatto, 
author={R. {Vidal} and A. {Chiuso} and S. {Soatto}}, 
booktitle={Proceedings of the 41st IEEE Conference on Decision and Control, 2002.}, 
title={Observability and identifiability of jump linear systems}, 
year={2002}, 
volume={4}, 
number={}, 
pages={3614-3619 vol.4}, 
keywords={linear systems;observability;parameter estimation;discrete systems;smoothing methods;continuous time systems;observability;identifiability;jump linear systems;discrete states;linear hybrid systems;structural parameters;filtering;smoothing algorithms;model parameters;continuous states;Observability;Linear systems;Aerospace control;Structural engineering;Smoothing methods;Filtering algorithms;Differential equations;Neurons;Aircraft;Control system synthesis}, 
month={Dec}
}

@INPROCEEDINGS{Vidal, 
author={R. {Vidal} and S. {Soatto} and and S. {Sastry}}, 
booktitle={42nd IEEE International Conference on Decision and Control}, 
title={An algebraic geometric approach to the identification of a class of linear hybrid systems}, 
year={2003}, 
volume={1}, 
number={}, 
pages={167-172 Vol.1}, 
keywords={linear systems;time-varying systems;geometry;matrix decomposition;state estimation;polynomials;algebraic geometric solution;identification;linear hybrid systems;switching mechanism;minimum dwell time;hybrid decoupling constraint;polynomial factorization;hyperplane clustering;homogeneous polynomial;model parameters;hybrid state estimation;Observers;State estimation;Hybrid power systems;Switches;Polynomials;Electronic mail;Quadratic programming;System identification;Linear systems;Algorithm design and analysis},
month={Dec}
}

@article{juloski2005bayesian,
  title={A Bayesian approach to identification of hybrid systems},
  author={Juloski, Aleksandar Lj and Weiland, Siep and Heemels, WPMH},
  journal={IEEE Transactions on Automatic Control},
  volume={50},
  number={10},
  pages={1520--1533},
  year={2005},
  publisher={IEEE}
}

@InProceedings{Juloski,
author={Juloski, Aleksandar Lj. and Heemels, W. P. M. H. and Ferrari-Trecate, Giancarlo and Vidal, Ren{\'e} and Paoletti, Simone and Niessen, J. H. G.},
editor={Morari, Manfred
and Thiele, Lothar},
title={Comparison of Four Procedures for the Identification of Hybrid Systems},
booktitle={Hybrid Systems: Computation and Control},
year={2005},
publisher={Springer Berlin Heidelberg},
pages={354--369}
}



@article{Wood1996,
	author="Wood, G. R.	and Zhang, B. P.",
	title="Estimation of the Lipschitz constant of a function",
	journal="Journal of Global Optimization",
	year="1996",
	month="Jan",
	day="01",
	volume="8",
	number="1",
	pages="91--103",
	abstract="A number of global optimisation algorithms rely on the value of the Lipschitz constant of the objective function. In this paper we present a stochastic method for estimating the Lipschitz constant. We show that the largest slope in a fixed size sample of slopes has an approximate Reverse Weibull distribution. Such a distribution is fitted to the largest slopes and the location parameter used as an estimator of the Lipschitz constant. Numerical results are presented.",
}

@article{LJUNG20101,
title = "Perspectives on system identification",
journal = "Annual Reviews in Control",
volume = "34",
number = "1",
pages = "1 - 12",
year = "2010",
author = "Lennart Ljung",
keywords = "System identification, Mathematical models, Estimation, Non-linear models, Statistical methods"
}
@article {Aihara4893,
	author = {Aihara, Kazuyuki and Suzuki, Hideyuki},
	title = {Theory of hybrid dynamical systems and its applications to biological and medical systems},
	volume = {368},
	number = {1930},
	pages = {4893--4914},
	year = {2010},
	publisher = {The Royal Society},
	abstract = {In this introductory article, we survey the contents of this Theme Issue. This Theme Issue deals with a fertile region of hybrid dynamical systems that are characterized by the coexistence of continuous and discrete dynamics. It is now well known that there exist many hybrid dynamical systems with discontinuities such as impact, switching, friction and sliding. The first aim of this Issue is to discuss recent developments in understanding nonlinear dynamics of hybrid dynamical systems in the two main theoretical fields of dynamical systems theory and control systems theory. A combined study of the hybrid systems dynamics in the two theoretical fields might contribute to a more comprehensive understanding of hybrid dynamical systems. In addition, mathematical modelling by hybrid dynamical systems is particularly important for understanding the nonlinear dynamics of biological and medical systems as they have many discontinuities such as threshold-triggered firing in neurons, on{\textendash}off switching of gene expression by a transcription factor, division in cells and certain types of chronotherapy for prostate cancer. Hence, the second aim is to discuss recent applications of hybrid dynamical systems in biology and medicine. Thus, this Issue is not only general to serve as a survey of recent progress in hybrid systems theory but also specific to introduce interesting and stimulating applications of hybrid systems in biology and medicine. As the introduction to the topics in this Theme Issue, we provide a brief history of nonlinear dynamics and mathematical modelling, different mathematical models of hybrid dynamical systems, the relationship between dynamical systems theory and control systems theory, examples of complex behaviour in a simple neuron model and its variants, applications of hybrid dynamical systems in biology and medicine as a road map of articles in this Theme Issue and future directions of hybrid systems modelling.},
	URL = {http://rsta.royalsocietypublishing.org/content/368/1930/4893},
	eprint = {http://rsta.royalsocietypublishing.org/content/368/1930/4893.full.pdf},
	journal = {Philosophical Transactions of the Royal Society of London A: Mathematical, Physical and Engineering Sciences}
}
@article{goebel2009hybrid,
	title={Hybrid dynamical systems},
	author={Goebel, Rafal and Sanfelice, Ricardo G and Teel, Andrew R},
	journal={IEEE Control Systems},
	volume={29},
	number={2},
	pages={28--93},
	year={2009},
	publisher={IEEE}
}
@article{haddad2006impulsive,
	title={Impulsive and hybrid dynamical systems},
	author={Haddad, Wassim M and Chellaboina, VijaySekhar and Nersesov, Sergey G},
	journal={Princeton Series in Applied Mathematics},
	year={2006}
}
@InProceedings{Bortolussi2018,
author="Bortolussi, Luca
and Policriti, Alberto",
editor="Bernardo, Marco
and Degano, Pierpaolo
and Zavattaro, Gianluigi",
title="Hybrid Systems and Biology ",
booktitle="Formal Methods for Computational Systems Biology",
year="2008",
publisher="Springer Berlin Heidelberg",
address="Berlin, Heidelberg",
pages="424--448",
abstract="Hybrid Systems are dynamical systems presenting both discrete and continuous evolution. Hybrid Automata are a formal model for hybrid systems, originally proposed to study embedded systems, where a discrete control acts on a continuously changing environment.",
isbn="978-3-540-68894-5"
}
@article{Hai2014,
author = {Hai, Lin},
year = {2014},
month = {01},
pages = {1-172},
title = {Hybrid Dynamical Systems: An Introduction to Control and Verification},
volume = {1}
}
@book{van2000introduction,
	title={An introduction to hybrid dynamical systems},
	author={Van Der Schaft, Arjan and Schumacher, Johannes Maria},
	volume={251},
	year={2000},
	publisher={Springer London}
}
@inproceedings{sanfelice2013toolbox,
	title={A toolbox for simulation of hybrid systems in Matlab/Simulink: Hybrid Equations (HyEQ) Toolbox},
	author={Sanfelice, Ricardo and Copp, David and Nanez, Pablo},
	booktitle={Proceedings of the 16th international conference on Hybrid systems: computation and control},
	pages={101--106},
	year={2013},
	organization={ACM}
}
@book{Goebel2012,
 author = {Rafal Goebel and Ricardo G. Sanfelice and Andrew R. Teel},
 publisher = {Princeton University Press},
 title = {Hybrid Dynamical Systems: Modeling, Stability, and Robustness},
 year = {2012}
}

@inproceedings{massaroli2018prf,
	title={Recursive algebraic {F}risch scheme: A particle based approach},
	author = {Massaroli, Stefano and Miyagusuku, Renato and Califano, Federico and Melchiorri, Claudio and Yamashita, Atsushi and Asama, Hajime},
	year = {2018},
	booktitle={Preprints of the 9th IFAC Symposium on Robust Control Design (ROCOND2018)},
	pages={599-605}
}
@article{RHODE20144637,
	title = "Recursive Generalized Total Least Squares with Noise Covariance Estimation",
	journal = "Proceedings of the 9th IFAC World Congress",
	volume = "47",
	number = "3",
	pages = "4637 - 4643",
	year = "2014",
	author = "Stephan Rhode and Felix Bleimund and Frank Gauterin",
	keywords = "System identification, Errors-in-variables models, Linear systems, Recursive algorithms, Recursive filters, Kalman filters, Signal processing"
}
@book{ljung1987system,
	title={System identification: theory for the user},
	author={Ljung, Lennart},
	year={1987},
	publisher={Prentice-hall}
}
@INPROCEEDINGS{tian2013,
author={X. {Tian} and J. H. {Koessler} and R. G. {Sanfelice}},
booktitle={Proceedings of the 2013 IEEE/RSJ International Conference on Intelligent Robots and Systems},
title={Juggling on a bouncing ball apparatus via hybrid control},
year={2013},
volume={},
number={},
pages={1848-1853},
keywords={control system synthesis;pistons;shafts;three-term control;trajectory control;external PID controller;Savitzky-Golay filter;filtered zero-crossing impact detection algorithm;periodic reference trajectory;piston-actuated bouncing ball;nearly-smooth vertical shaft;ball juggling system;one degree-of-freedom;hybrid control;bouncing ball apparatus;Pistons;Trajectory;Friction;Force;Hybrid power systems;Acceleration},
month={Nov},}
@book{brogliato1999nonsmooth,
  title={Nonsmooth mechanics},
  author={Brogliato, Bernard},
  year={1999},
  publisher={Springer}
}
@book{soderstrom2018errors,
  title={Errors-in-variables methods in system identification},
  author={S{\"o}derstr{\"o}m, Torsten},
  year={2018},
  publisher={Springer}
}
@article{MASCHKE1992359,
title = "Port-Controlled Hamiltonian Systems: Modelling Origins and Systemtheoretic Properties",
journal = "2nd IFAC Symposium on Nonlinear Control Systems Design",
volume = "25",
number = "13",
pages = "359 - 365",
year = "1992",
author = "Bernard M. Maschke and Arjan J. Van Der Schaft",
keywords = "Network dynamics, general Poisson structures, gyrators, Hamiltonian equations, observation space, minimal realizations"
}

@article{PISARCHIK2014167,
title = "Control of multistability",
journal = "Physics Reports",
volume = "540",
number = "4",
pages = "167 - 218",
year = "2014",
note = "Control of multistability",
author = "Alexander N. Pisarchik and Ulrike Feudel",
keywords = "Nonlinear dynamics, Dissipative systems, Coexisting attractors, Multistability, Nonlinear control"
}
@incollection{sontag2008input,
  title={Input to state stability: Basic concepts and results},
  author={Sontag, Eduardo D},
  booktitle={Nonlinear and optimal control theory},
  pages={163--220},
  year={2008},
  publisher={Springer}
}
@book{duindam2009modeling,
  title={Modeling and control of complex physical systems: the port-Hamiltonian approach},
  author={Duindam, Vincent and Macchelli, Alessandro and Stramigioli, Stefano and Bruyninckx, Herman},
  year={2009},
  publisher={Springer Science \& Business Media}
}
@ARTICLE{goebel2008,
author={R. Goebel and R. G. Sanfelice and A. R. Teel},
journal={IEEE Control Systems Magazine},
title={Hybrid dynamical systems},
year={2009},
volume={29},
number={2},
pages={28-93},
keywords={asymptotic stability;continuous time systems;control system synthesis;discrete time systems;Lyapunov methods;perturbation techniques;robust control;hybrid dynamical control system;robust stability;continuous-time control system;discrete-time dynamics;asymptotic stability;hybrid controller design;data perturbation;Lyapunov function;Robust stability;Asymptotic stability;Differential equations;Robust control;Switching circuits;Control systems;Measurement errors;Control design;Voltage;Switches},
month={April},}

@ARTICLE{byrnes91, 
author={C. I. Byrnes and A. Isidori and J. C. Willems}, 
journal={IEEE Transactions on Automatic Control}, 
title={Passivity, feedback equivalence, and the global stabilization of minimum phase nonlinear systems}, 
year={1991}, 
volume={36}, 
number={11}, 
pages={1228-1240}, 
keywords={controllability;feedback;nonlinear systems;stability;stability;global stabilization;minimum phase nonlinear systems;state feedback;controllability;rank conditions;Nonlinear systems;State feedback;Linear systems;Control systems;Circuit stability;Nonlinear control systems;Integrated circuit interconnections;Helium;Attenuation;Stability analysis}, 
month={Nov},}

@book{stronge2018impact,
  title={Impact mechanics},
  author={Stronge, William James},
  year={2018},
  publisher={Cambridge University Press}
}
@book{brogliato1999nonsmooth,
  title={Nonsmooth mechanics},
  author={Brogliato, Bernard},
  year={1999},
  publisher={Springer}
}
@inproceedings{sanfelice2007hybrid,
  title={A hybrid systems approach to trajectory tracking control for juggling systems},
  author={Sanfelice, Ricardo G and Teel, Andrew R and Sepulchre, Rodolphe},
  booktitle={Proceedings of the 46th IEEE Conference on Decision and Control},
  pages={5282--5287},
  year={2007},
}
@INPROCEEDINGS{6094506, 
author={M. {M{\"u}ller} and S. {Lupashin} and R. {D'Andrea}}, 
booktitle={Proceedings of the 2011 IEEE/RSJ International Conference on Intelligent Robots and Systems}, 
title={Quadrocopter ball juggling}, 
year={2011}, 
volume={}, 
number={}, 
pages={5113-5120}, 
keywords={aircraft control;helicopters;Kalman filters;mobile robots;position control;quadrocopter ball juggling;open loop trajectory;position estimation;velocity estimation;Kalman filter;ball drag coefficient estimation;Flying Machine Arena;ETH Zurich;Trajectory;Vehicles;Mathematical model;Equations;Acceleration;Vehicle dynamics;Robots},
month={Sep.},}

@INPROCEEDINGS{Batz2010, 
author={G. {B{\"a}tz} and U. {Mettin} and A. {Schmidts} and M. {Scheint} and D. {Wollherr} and A. S. {Shiriaev}}, 
booktitle={Proceedings of the 2010 IEEE/RSJ International Conference on Intelligent Robots and Systems}, 
title={Ball dribbling with an underactuated continuous-time control phase: Theory amp; experiments}, 
year={2010}, 
volume={}, 
number={}, 
pages={2890-2895}, 
keywords={continuous time systems;manipulator dynamics;multi-robot systems;periodic control;sport;ball dribbling;underactuated continuous-time control;basketball robots;periodic motion;discrete continuous nature;elastic element;ball periodic motion;continuous time phase;optimal catching;optimal pushing trajectory;virtual holonomic constraints;Robot sensing systems;Trajectory;Switches;Manipulator dynamics;Springs;Underactuated Mechanical System;Motion Planning;Orbital Stabilization;Virtual Holonomic Constraints},
month={Oct},}

@article{macchelli2009,
title = "Port-Based Modeling and Simulation of Mechanical Systems With Rigid and Flexible Links",
abstract = "In this paper, a systematic procedure for the defi- nition of the dynamical model in port-Hamiltonian form of me- chanical systems is presented as the result of the power-conserving interconnection of a set of basic components (rigid bodies, flexible links, and kinematic pairs). Since rigid bodies and flexible links are described within the port-Hamiltonian formalism, their inter- connection is possible once a proper relation between the power- conjugated port variables is deduced. These relations are the anal- ogous of the Kirchhoff laws of circuit theory. From the analysis of a set of oriented graphs that describe the topology of the mecha- nism, an automatic procedure for deriving the dynamical model of a mechanical system is illustrated. The final model is a mixed port- Hamiltonian system, because of the presence of a finite-dimensional subsystem (modeling the rigid bodies) and an infinite-dimensional one (describing the flexible links). Besides facilitating the deduction of the dynamical equations, it is shown how the intrinsic modularity of this approach also simplifies the simulation phase.",
keywords = "EWI-17306, METIS-264498, Port-Hamiltonian, Flexible Beam",
author = "A. Macchelli and C. Melchiorri and Stefano Stramigioli",
year = "2009",
month = "10",
language = "Undefined",
volume = "25",
pages = "1016--1029",
journal = "IEEE Transactions on Robotics",
publisher = "IEEE",
number = "5",
}

@INPROCEEDINGS{ficuciello2010, 
author={F. {Ficuciello} and R. {Carloni} and L. C. {Visser} and S. {Stramigioli}}, 
booktitle={Proceedings of the 2010 IEEE/RSJ International Conference on Intelligent Robots and Systems}, 
title={Port-hamiltonian modeling for soft-finger manipulation}, 
year={2010}, 
volume={}, 
number={}, 
pages={4281-4286}, 
keywords={dexterous manipulators;port hamiltonian modeling;soft finger manipulation;Dirac structure;intrinsically passive controller;multifingered robotic hand;Mathematical model;Equations;Energy storage;Biological system modeling;Dynamics;Potential energy;Springs},
month={Oct},}
@INPROCEEDINGS{stramigioli99, 
author={S. {Stramigioli} and C. {Melchiorri} and S. {Andreotti}}, 
booktitle={Proceedings of the 38th IEEE Conference on Decision and Control}, 
title={A passivity-based control scheme for robotic grasping and manipulation}, 
year={1999}, 
volume={3}, 
number={}, 
pages={2951-2956 vol.3}, 
keywords={force control;dexterous manipulators;stability;compliance control;passivity-based control scheme;robotic grasping;manipulation;impedance control strategy;virtual object concept;modalities of interaction;damping injection principle;control strategy;Robot control;Force control;Springs;Impedance;Control systems;Fingers;World Wide Web;Stability;Damping;Grasping},
month={Dec},}

@ARTICLE{serra2019, 
author={D. {Serra} and F. {Ruggiero} and A. {Donaire} and L. R. {Buonocore} and V. {Lippiello} and B. {Siciliano}}, 
journal={IEEE Transactions on Robotics}, 
title={Control of Nonprehensile Planar Rolling Manipulation: A Passivity-Based Approach}, 
year={2019}, 
volume={35}, 
number={2}, 
pages={317-329}, 
keywords={asymptotic stability;closed loop systems;control system synthesis;manipulators;nonlinear control systems;interconnection;matching equations;eccentric disk-on-disk;passivity-based port-Hamiltonian framework;damping assignment technique;passivity-based approach;nonprehensile planar rolling manipulation;Mathematical model;Transmission line matrix methods;Robots;Potential energy;Mechanical systems;Damping;Complexity theory;Dynamic manipulation;nonprehensile rolling manipulation;passivity-based control;underactuated systems},
month={April},}

@ARTICLE{donaire2017, 
author={A. {Donaire} and F. {Ruggiero} and L. R. {Buonocore} and V. {Lippiello} and B. {Siciliano}}, 
journal={IEEE Transactions on Control Systems Technology}, 
title={Passivity-Based Control for a Rolling-Balancing System: The Nonprehensile Disk-on-Disk}, 
year={2017}, 
volume={25}, 
number={6}, 
pages={2135-2142}, 
keywords={actuators;control system synthesis;damping;nonlinear control systems;position control;stability;torque control;rolling-balancing system;DoD;underactuated mechanical system;disks;controlled torque;energy shaping controller;nonprehensible disk-on-disk;passivity-based control design;damping injection;Control design;Mechanical systems;Damping;Mathematical model;Closed loop systems;Energy shaping;nonprehensile systems;passivity-based control;rolling-balancing systems},
month={Nov},}

@ARTICLE{ruggero2018, 
author={F. {Ruggiero} and A. {Petit} and D. {Serra} and A. C. {Satici} and J. {Cacace} and A. {Donaire} and F. {Ficuciello} and L. R. {Buonocore} and G. A. {Fontanelli} and V. {Lippiello} and L. {Villani} and B. {Siciliano}}, 
journal={IEEE Robotics Automation Magazine}, 
title={Nonprehensile Manipulation of Deformable Objects: Achievements and Perspectives from the Robotic Dynamic Manipulation Project}, 
year={2018}, 
volume={25}, 
number={3}, 
pages={83-92}, 
keywords={acceleration control;angular velocity control;manipulator dynamics;manipulators;motion control;position control;control strategies;robotic dynamic manipulation project;nonprehensile dynamic manipulation;deformable objects;RoDyMan project;robotic nonprehensile manipulation;Task analysis;Manipulator dynamics;Robot kinematics;Humanoid robots;Anthropomorphism;Finite element analysis},
month={Sep.},}

@article{haddadin2018exploiting,
  title={Exploiting Elastic Energy Storage for “Blind” Cyclic Manipulation: Modeling, Stability Analysis, Control, and Experiments for Dribbling},
  author={Haddadin, Sami and Krieger, Kai and Albu-Sch{\"a}ffer, Alin and Lilge, Torsten},
  journal={IEEE Transactions on Robotics},
  volume={34},
  number={1},
  pages={91--112},
  year={2018},
  publisher={IEEE}
}

@ARTICLE{zhang2016, 
author={Q. {Zhang} and G. {Liu}}, 
journal={IEEE/ASME Transactions on Mechatronics}, 
title={Precise Control of Elastic Joint Robot Using an Interconnection and Damping Assignment Passivity-Based Approach}, 
year={2016}, 
volume={21}, 
number={6}, 
pages={2728-2736}, 
keywords={closed loop systems;damping;elasticity;friction;manipulator kinematics;vibration control;position sensors;two-mass model;LuGre friction model;joint friction;elastic joint robot system;port-controlled Hamiltonian system with dissipation;elastic joint controller;friction compensation;damping assignment passivity-based control method;interconnection based control method;PCHD closed loop system;integral control;underactuated PCHD;robot manipulators;Friction;Torque;Robot sensing systems;Load modeling;Harmonic analysis;IEEE transactions;Elastic joint robot;interconnect and damping assignment passivity-based control;LuGre friction model;precise tracking control},
month={Dec},}

@ARTICLE{spong2007, 
author={M. W. {Spong} and J. K. {Holm} and D. {Lee}}, 
journal={IEEE Robotics Automation Magazine}, 
title={Passivity-Based Control of Bipedal Locomotion}, 
year={2007}, 
volume={14}, 
number={2}, 
pages={30-40}, 
keywords={closed loop systems;control system synthesis;legged locomotion;motion control;robot dynamics;stability;robot dynamics;motion control;closed loop system;foot rotation;ground friction;ground reaction force;actuator saturation;walking speed;bipedal locomotion;passivity-based control;Legged locomotion;Shape control;Limit-cycles;Leg;Robust control;Uncertainty;Feedback control;Robustness;Lagrangian functions;Centralized control},
month={June},}

@book{westervelt2018feedback,
  title={Feedback control of dynamic bipedal robot locomotion},
  author={Westervelt, Eric R and Grizzle, Jessy W and Chevallereau, Christine and Choi, Jun Ho and Morris, Benjamin},
  year={2018},
  publisher={CRC press}
}
@article{harib2018feedback,
  title={Feedback control of an exoskeleton for paraplegics: Toward robustly stable, hands-free dynamic walking},
  author={Harib, Omar and Hereid, Ayonga and Agrawal, Ayush and Gurriet, Thomas and Finet, Sylvain and Boeris, Guilhem and Duburcq, Alexis and Mungai, M Eva and Masselin, Mattieu and Ames, Aaron D and others},
  journal={IEEE Control Systems Magazine},
  volume={38},
  number={6},
  pages={61--87},
  year={2018},
  publisher={IEEE}
} 

@article{lv2018design,
  title={On the design and control of highly backdrivable lower-limb exoskeletons: A discussion of past and ongoing work},
  author={Lv, Ge and Zhu, Hanqi and Gregg, Robert D},
  journal={IEEE Control Systems Magazine},
  volume={38},
  number={6},
  pages={88--113},
  year={2018},
  publisher={IEEE}
}

@article{pisano2011sliding,
  title={Sliding mode control: A survey with applications in math},
  author={Pisano, Alessandro and Usai, Elio},
  journal={Mathematics and Computers in Simulation},
  volume={81},
  number={5},
  pages={954--979},
  year={2011},
  publisher={Elsevier}
}

@INPROCEEDINGS{Ishikawa2003, 
author={M. {Ishikawa} and A. {Neki} and J. {Imura} and S. {Hara}},
booktitle={Proceedings of the 2003 SICE Annual Conference}, 
title={Energy preserving control of a hopping robot based on hybrid port-controlled Hamiltonian modeling}, 
year={2003}, 
volume={3}, 
number={}, 
pages={2611-2616},
month={Aug},}

@book{soderstrom2018errors,
  title={Errors-in-variables methods in system identification},
  author={S{\"o}derstr{\"o}m, Torsten},
  year={2018},
  publisher={Springer}
}

@article{SODERSTROM2019,
title = "A user perspective on errors-in-variables methods in system identification",
journal = "Control Engineering Practice",
volume = "89",
pages = "56 - 69",
year = "2019",
author = "Torsten S{\"o}derstr{\"o}m",
keywords = "System identification, Errors-in-variables, Parameter estimation, Identifiability, Consistency",
abstract = "The paper starts with a brief survey of errors-in-variables methods in system identification. Background and motivation are given, and it is illustrated why the identification problem can be difficult. Under general weak assumptions, the system is not identifiable, but can be parameterized using one degree of freedom. Examples where identifiability is achieved under additional assumptions are also provided. A number of approaches for parameter estimation of errors-in-variables models are reviewed. The underlying assumptions and principles for each approach are highlighted. The paper then continues by discussing from a user’s perspective on how to proceed when practical problems are handled."
}

@INPROCEEDINGS{ortega2000, 
author={R. {Ortega} and I. {Mareels}}, 
booktitle={Proceedings of the 2000 American Control Conference. ACC}, 
title={Energy-balancing passivity-based control}, 
year={2000}, 
volume={2}, 
number={}, 
pages={1265-1270 vol.2}, 
keywords={closed loop systems;nonlinear control systems;dynamics;position control;asymptotic stability;partial differential equations;energy-balancing passivity-based control;Hamiltonian system;closed-loop energy;supplied energy;stored energy;general nonlinear passive systems;mechanical systems;unbounded energy dissipation;Control systems;Mechanical systems;Integrated circuit interconnections;Mechanical factors;Energy capture;Energy dissipation;Manipulators;Robot control;Design methodology;Energy storage},
month={June},}



















